@book{adams1995hitchhiker,
  title={The Hitchhiker's Guide to the Galaxy},
  author={Adams, D.},
  isbn={9781417642595},
  url={http://books.google.com/books?id=W-xMPgAACAAJ},
  year={1995},
  publisher={San Val}
},
@techreport{QuickCheckAUTOSAR,
  author      = "Thomas Arts and John Hughes and Ulf Norell and Hans Svensson",
  title       = "Testing AUTOSAR software with QuickCheck",
  institution = "Quviq and Chalmers University of Technology",
  year        = "",
},
@misc{website:blog.helium.com,
  author      = "Andrew Thompson",
  title       = "Bullet-proofing Helium's embedded C code with Erlang QuickCheck",
  month       = "September",
  year        = "2016",
  url         = "https://blog.helium.com/quickcheck-and-the-deep-firmware-278f77cd2342#.kq0vj9w0m",
},
@misc{website:en.wikipedia.org,
  author      = {},
  title       = {{C Standard library}},
  howpublished = "\url{https://en.wikipedia.org/wiki/C_standard_library}",
  month       = {November},
  year        = {2016},
  note        = {Online; accessed 11-November-2016},
  url         = "https://en.wikipedia.org/wiki/C_standard_library",
},
@misc{theft,
  author = {Scott Vokes},
  title = {theft},
  howpublished = "\url{https://github.com/silentbicycle/theft}",
  month = {October},
  year = {2016},
  note = "[Online; accessed 29-December-2016]"
},
@techreport{QuickCheck,
  author      = "Koen Claessen and John Hughes",
  title       = "Testing Monadic Code with QuickCheck",
  institution = "Department of Computer Science, Chalmers University of Technology",
  year        = "2002",
},
@techreport{QuickCheckQuviq,
  author      = "John Hughes",
  title       = "Experiences with QuickCheck: Testing the Hard Stuff and Staying Sane",
  institution = "Chalmers University of Technology and Quviq AB",
  year        = "2016",
}
